@article{Prosser93,
	title	= {HYBRID ALGORITHMS FOR THE CONSTRAINT SATISFACTION PROBLEM},
	author	= {Patrick Prosser},
	year	= {1993},
	doi		= {10.1111/j.1467-8640.1993.tb00310.x},
	url		= {https://doi.org/10.1111/j.1467-8640.1993.tb00310.x},
	journal	= {Computational Intelligence}
}